<?xml version="1.0" encoding="UTF-8"?>
<collection xmlns:xsi="http://www.w3.org/2001/XMLSchema-instance" xsi:schemaLocation="http://www.loc.gov/MARC21/slim http://www.loc.gov/standards/marcxml/schema/MARC21slim.xsd" xmlns="http://www.loc.gov/MARC21/slim">
<record>
  <leader>01766cam a22003731a 4500</leader>
  <controlfield tag="001">2532578</controlfield>
  <controlfield tag="003">NNC</controlfield>
  <controlfield tag="005">20140126213927.0</controlfield>
  <controlfield tag="008">890620r19641857iq            000 0 arard</controlfield>
  <datafield tag="010" ind1=" " ind2=" ">
    <subfield code="a">ne 67000905 </subfield>
  </datafield>
  <datafield tag="035" ind1=" " ind2=" ">
    <subfield code="a">(OCoLC)23489913</subfield>
  </datafield>
  <datafield tag="035" ind1=" " ind2=" ">
    <subfield code="a">(OCoLC)ocm23489913</subfield>
  </datafield>
  <datafield tag="035" ind1=" " ind2=" ">
    <subfield code="9">AQL3746CU</subfield>
  </datafield>
  <datafield tag="035" ind1=" " ind2=" ">
    <subfield code="a">(NNC)2532578</subfield>
  </datafield>
  <datafield tag="040" ind1=" " ind2=" ">
    <subfield code="a">MiU</subfield>
    <subfield code="c">MiU</subfield>
    <subfield code="d">m.c.</subfield>
    <subfield code="d">CU</subfield>
    <subfield code="d">CtY</subfield>
  </datafield>
  <datafield tag="043" ind1=" " ind2=" ">
    <subfield code="a">ff-----</subfield>
  </datafield>
  <datafield tag="050" ind1="0" ind2=" ">
    <subfield code="a">DT188</subfield>
    <subfield code="b">.B3 1964 (Orien Arab)</subfield>
  </datafield>
  <datafield tag="066" ind1=" " ind2=" ">
    <subfield code="c">(3</subfield>
  </datafield>
  <datafield tag="100" ind1="1" ind2=" ">
    <subfield code="6">880-01</subfield>
    <subfield code="a">Bakrī, Abū ʻUbayd ʻAbd Allāh ibn ʻAbd al-ʻAzīz,</subfield>
    <subfield code="d">1040-1094.</subfield>
  </datafield>
  <datafield tag="240" ind1="1" ind2="0">
    <subfield code="6">880-02</subfield>
    <subfield code="a">Masālik wa-al-mamālik.</subfield>
    <subfield code="k">Selections</subfield>
  </datafield>
  <datafield tag="245" ind1="1" ind2="3">
    <subfield code="6">880-03</subfield>
    <subfield code="a">al-Mughrib fī dhikr bilād Ifrīqīyah wa-al-Maghrib :</subfield>
    <subfield code="b">wa-huwa juzʾ min kitāb al-Masālik wa-al-mamālik /</subfield>
    <subfield code="c">taʾlīf Abī ʾUbayd al-Bakrī.</subfield>
  </datafield>
  <datafield tag="246" ind1="1" ind2="5">
    <subfield code="a">Description de l'Afrique septentrionale</subfield>
  </datafield>
  <datafield tag="260" ind1=" " ind2=" ">
    <subfield code="6">880-04</subfield>
    <subfield code="a">Baghdād :</subfield>
    <subfield code="b">Maktabat al-Muthanná,</subfield>
    <subfield code="c">[1964?]</subfield>
  </datafield>
  <datafield tag="300" ind1=" " ind2=" ">
    <subfield code="a">213, 19 p. ;</subfield>
    <subfield code="c">25 cm.</subfield>
  </datafield>
  <datafield tag="500" ind1=" " ind2=" ">
    <subfield code="a">Added t.p.: Description de l'Afrique septentrionale, par Abou-Obeid-el-Bekri. Texte arabe, revue sur quatre manuscrits, par de Slane.</subfield>
  </datafield>
  <datafield tag="500" ind1=" " ind2=" ">
    <subfield code="a">Photo-offset of the ed. of Algiers, 1857.</subfield>
  </datafield>
  <datafield tag="651" ind1=" " ind2="0">
    <subfield code="a">Africa, North</subfield>
    <subfield code="x">Description and travel.</subfield>
  </datafield>
  <datafield tag="700" ind1="1" ind2=" ">
    <subfield code="a">Slane, William MacGuckin,</subfield>
    <subfield code="c">baron de,</subfield>
    <subfield code="d">1801-1878.</subfield>
  </datafield>
  <datafield tag="880" ind1="1" ind2=" ">
    <subfield code="6">100-01/(3/r</subfield>
    <subfield code="a">بكري، أبو عبيد عبد الله بن عبد العزيز,</subfield>
    <subfield code="d">1040-1094.</subfield>
  </datafield>
  <datafield tag="880" ind1="1" ind2="0">
    <subfield code="6">240-02/(3/r</subfield>
    <subfield code="a">مسالك والممالك.</subfield>
    <subfield code="k">مختارات</subfield>
  </datafield>
  <datafield tag="880" ind1="1" ind2="2">
    <subfield code="6">245-03/(3/r</subfield>
    <subfield code="a">الغرب في ذكر بلاد إفريقية والمغرب :</subfield>
    <subfield code="b">وهو جزء من كتاب المسالك والممالك /</subfield>
    <subfield code="c">تأليف أبي عبيد البكري.</subfield>
  </datafield>
  <datafield tag="880" ind1=" " ind2=" ">
    <subfield code="6">260-04/(3/r</subfield>
    <subfield code="a">بغداد :</subfield>
    <subfield code="b">مكتبة المثنى،</subfield>
    <subfield code="c">[1964?]</subfield>
  </datafield>
  <datafield tag="955" ind1=" " ind2=" ">
    <subfield code="b">CU52863603</subfield>
    <subfield code="d">off,glx</subfield>
    <subfield code="e">DT188 .B3 1964 (Orien Arab)</subfield>
  </datafield>
</record>
</collection>